<collection xmlns="http://www.loc.gov/MARC21/slim">
<record>
  <leader>00876nam0a22002291i 450 </leader>
  <controlfield tag="001">IT\ICCU\CNCE\060116</controlfield>
  <controlfield tag="005">20060209000000.0</controlfield>
  <datafield tag="012" ind1=" " ind2=" ">
    <subfield code="a">lidi lit- mato stma (3) 1563 (R)</subfield>
    <subfield code="2">fei</subfield>
  </datafield>
  <datafield tag="100" ind1=" " ind2=" ">
    <subfield code="a">20050115d1563        0itac0103    ba</subfield>
  </datafield>
  <datafield tag="101" ind1=" " ind2=" ">
    <subfield code="a">ITA</subfield>
  </datafield>
  <datafield tag="102" ind1=" " ind2=" ">
    <subfield code="a">IT</subfield>
  </datafield>
  <datafield tag="200" ind1="1" ind2=" ">
    <subfield code="a">Guida de&apos; peccatori ...</subfield>
  </datafield>
  <datafield tag="210" ind1=" " ind2=" ">
    <subfield code="a">In Venetia</subfield>
    <subfield code="c">appresso i Giunti</subfield>
    <subfield code="d">1563</subfield>
  </datafield>
  <datafield tag="215" ind1=" " ind2=" ">
    <subfield code="a">222 c.</subfield>
    <subfield code="c">ill.</subfield>
    <subfield code="d">16ʻ</subfield>
  </datafield>
  <datafield tag="620" ind1=" " ind2=" ">
    <subfield code="a">IT</subfield>
    <subfield code="d">Firenze</subfield>
  </datafield>
  <datafield tag="700" ind1=" " ind2="0">
    <subfield code="a">Luis</subfield>
    <subfield code="c"> : de#Granada</subfield>
    <subfield code="3">IT\ICCU\CNCA\006726</subfield>
  </datafield>
  <datafield tag="712" ind1="0" ind2="0">
    <subfield code="a">Giunta, Bernardo</subfield>
    <subfield code="c"> &lt;1.&gt; - eredi</subfield>
    <subfield code="3">IT\ICCU\CNCT\000170</subfield>
    <subfield code="4">650</subfield>
  </datafield>
  <datafield tag="790" ind1=" " ind2="1">
    <subfield code="a">Granada,</subfield>
    <subfield code="b">Luis de</subfield>
    <subfield code="3">IT\ICCU\CNCA\014258</subfield>
    <subfield code="z">Luis : de#Granada</subfield>
  </datafield>
  <datafield tag="790" ind1=" " ind2="0">
    <subfield code="a">Ludovicus</subfield>
    <subfield code="c"> : Granatensis</subfield>
    <subfield code="3">IT\ICCU\CNCA\021326</subfield>
    <subfield code="z">Luis : de#Granada</subfield>
  </datafield>
  <datafield tag="791" ind1="0" ind2="2">
    <subfield code="a">Bibliotheca Iunctia</subfield>
    <subfield code="3">IT\ICCU\CNCT\006345</subfield>
    <subfield code="z">Giunta, Bernardo &lt;1.&gt; - eredi</subfield>
  </datafield>
  <datafield tag="801" ind1=" " ind2="3">
    <subfield code="a">IT</subfield>
    <subfield code="b">ICCU</subfield>
    <subfield code="c">20201115</subfield>
  </datafield>
  <datafield tag="899" ind1=" " ind2=" ">
    <subfield code="a">Biblioteca provinciale dei Cappuccini. Firenze</subfield>
    <subfield code="1">FI0041</subfield>
    <subfield code="2">RT1 PC</subfield>
  </datafield>
</record>
</collection>
